<?xml version="1.0" encoding="UTF-8" ?>
<collection xmlns:xsi="http://www.w3.org/2001/XMLSchema-instance"
    xsi:schemaLocation="http://www.loc.gov/MARC21/slim
        http://www.loc.gov/standards/marcxml/schema/MARC21slim.xsd"
    xmlns="http://www.loc.gov/MARC21/slim">
<record>
  <leader>00287cam a2200565 ia4500</leader>
  <controlfield tag="001">b12371592</controlfield>
  <controlfield tag="003">LeBAU</controlfield>
  <controlfield tag="005">20180219</controlfield>
  <controlfield tag="008">970228m19241928ua            ||0 0 ara d</controlfield>
  <datafield tag="035" ind1=" " ind2=" ">
    <subfield code="a">ocn784284772</subfield>
  </datafield>
  <datafield tag="040" ind1=" " ind2=" ">
    <subfield code="a">LEAUB</subfield>
    <subfield code="b">ara</subfield>
    <subfield code="e">rda</subfield>
    <subfield code="c">LEAUB</subfield>
    <subfield code="d">LEAUB</subfield>
  </datafield>
  <datafield tag="082" ind1="0" ind2="4">
    <subfield code="a">297.207</subfield>
    <subfield code="2">20</subfield>
  </datafield>
  <datafield tag="100" ind1="1" ind2=" ">
    <subfield code="6">880-01</subfield>
    <subfield code="a">Ibn Kathīr, Ismāʻīl ibn ʻUmar,</subfield>
    <subfield code="d">approximately 1301-1373,</subfield>
    <subfield code="e">author.</subfield>
  </datafield>
  <datafield tag="240" ind1="1" ind2="0">
    <subfield code="6">880-02</subfield>
    <subfield code="a">Tafsīr al-Qurʼān al-ʻaẓīm</subfield>
  </datafield>
  <datafield tag="245" ind1="1" ind2="0">
    <subfield code="6">880-03</subfield>
    <subfield code="a">Tafsīr al-Ḥāfiẓ Ibn Kathīr /</subfield>
    <subfield code="c">wa-huwa al-imām al-jalīl al-Ḥāfiẓ ʻImād al-Dīn Abū al-Fidāʼ Ismāʻīl ibn Kathīr al-Qurashī al-Dimashqī al-mutawaffá sanat 774. Wa-yalīhi Maʻālim al-tanzīl / tafsīr al-Imām al-Baghawī al-mutawaffá sanat 516.</subfield>
  </datafield>
  <datafield tag="264" ind1=" " ind2="1">
    <subfield code="6">880-04</subfield>
    <subfield code="a">Miṣr :</subfield>
    <subfield code="b">Maṭbaʻat al-Manār,</subfield>
    <subfield code="c">1343-1347 H., [1924-1928? M.]</subfield>
  </datafield>
  <datafield tag="300" ind1=" " ind2=" ">
    <subfield code="6">880-05</subfield>
    <subfield code="a">9 volumes ;</subfield>
    <subfield code="c">27 cm</subfield>
  </datafield>
  <datafield tag="336" ind1=" " ind2=" ">
    <subfield code="a">text</subfield>
    <subfield code="b">txt</subfield>
    <subfield code="2">rdacontent</subfield>
  </datafield>
  <datafield tag="337" ind1=" " ind2=" ">
    <subfield code="a">unmediated</subfield>
    <subfield code="b">n</subfield>
    <subfield code="2">rdamedia</subfield>
  </datafield>
  <datafield tag="338" ind1=" " ind2=" ">
    <subfield code="a">volume</subfield>
    <subfield code="b">nc</subfield>
    <subfield code="2">rdacarrier</subfield>
  </datafield>
  <datafield tag="500" ind1=" " ind2=" ">
    <subfield code="a">في أعلى الصفحة تفسير ابن كثير وفي أسفلها معالم التنزيل.</subfield>
  </datafield>
  <datafield tag="500" ind1=" " ind2=" ">
    <subfield code="a">الجزء التاسع يتضمن فضائل القرآن وهو ذيل تفسير الحافظ إبن كثير وضعه في آخر التفسير وجعله متمماً له وقد أشرف على تصحيحه وعلق عليه بعض الفوائد السيد محمد رشيد رضا، منشئ مجلة المنار.</subfield>
  </datafield>
  <datafield tag="630" ind1="0" ind2="4">
    <subfield code="a">قرآن</subfield>
    <subfield code="x">تفسير وتأويل</subfield>
    <subfield code="v">اعمال قديمة حتى 1800.</subfield>
  </datafield>
  <datafield tag="630" ind1="0" ind2="0">
    <subfield code="a">Qur'an</subfield>
    <subfield code="x">Hermeneutics</subfield>
    <subfield code="v">Early works to 1800.</subfield>
  </datafield>
  <datafield tag="700" ind1="1" ind2="2">
    <subfield code="6">880-06</subfield>
    <subfield code="a">Ibn Kathīr, Ismāʻīl ibn ʻUmar,</subfield>
    <subfield code="d">approximately 1301-1373.</subfield>
    <subfield code="t">Faḍāʼil al-Qurʼān.</subfield>
  </datafield>
  <datafield tag="700" ind1="1" ind2="2">
    <subfield code="6">880-07</subfield>
    <subfield code="a">Muḥammad Rashīd Riḍā,</subfield>
    <subfield code="d">حوالي 1301-1373.</subfield>
    <subfield code="t">فضائل القرآن.</subfield>
    <subfield code="e">compiler.</subfield>
  </datafield>
  <datafield tag="700" ind1="0" ind2=" ">
    <subfield code="6">880-08</subfield>
    <subfield code="a">محمد رشيد رضا،</subfield>
    <subfield code="e">معد. </subfield>
    <subfield code="4">com.</subfield>
  </datafield>
  <datafield tag="787" ind1="1" ind2=" ">
    <subfield code="6">880-09</subfield>
    <subfield code="i">is abridged as (work)</subfield>
    <subfield code="4">http://rdaregistry.info/Elements/w/P10167:</subfield>
    <subfield code="t">Taysīr al-ʻalī al-qadīr li-ikhtiṣār Tafsīr Ibn Kathīr.</subfield>
    <subfield code="d">[Bayrūt] :Muhammad Nasib Rifaʼi,1392 [H.] = 1972 [M.]</subfield>
    <subfield code="w">b19214960</subfield>
  </datafield>
  <datafield tag="852" ind1=" " ind2=" ">
    <subfield code="a">Jafet Library</subfield>
    <subfield code="e">American University of Beirut, Bliss Street , Beirut, Lebanon.</subfield>
  </datafield>
  <datafield tag="880" ind1="1" ind2=" ">
    <subfield code="6">100-01/(3/r</subfield>
    <subfield code="a">ابن كثير، اسماعيل بن عمر،</subfield>
    <subfield code="d">حوالي 1301-1373،</subfield>
    <subfield code="e">مؤلف. </subfield>
    <subfield code="4">aut.</subfield>
  </datafield>
  <datafield tag="880" ind1="1" ind2="0">
    <subfield code="6">245-03/(3/r</subfield>
    <subfield code="a">تفسير الحافظ إبن كثير /</subfield>
    <subfield code="c">وهو الإمام الجليل الحافظ عماد الدين أبو الفداء إسماعيل إبن كثير القرشي الدمشقي المتوفى سنة 774. ويليه معالم التنزيل / تفسير الإمام البغوي المتوفى سنة 516.</subfield>
  </datafield>
  <datafield tag="880" ind1="1" ind2="2">
    <subfield code="6">700-06/(3/r</subfield>
    <subfield code="a">البغوي، الحسين بن مسعود،</subfield>
    <subfield code="d">-1117؟.</subfield>
    <subfield code="t">معالم التنزيل.</subfield>
  </datafield>
  <datafield tag="880" ind1="1" ind2="0">
    <subfield code="6">240-02/(3/r</subfield>
    <subfield code="a">تفسير القرآن العظيم</subfield>
  </datafield>
  <datafield tag="880" ind1=" " ind2="1">
    <subfield code="6">264-04/(3/r</subfield>
    <subfield code="a">مصر :</subfield>
    <subfield code="b">مطبعة المنار،</subfield>
    <subfield code="c">1343-1347 هـ.، [1924-1928؟ م.]</subfield>
  </datafield>
  <datafield tag="880" ind1=" " ind2=" ">
    <subfield code="6">300-05/(3/r</subfield>
    <subfield code="a">9 أجزاء ؛</subfield>
    <subfield code="c">27 سم</subfield>
  </datafield>
  <datafield tag="880" ind1="1" ind2="2">
    <subfield code="6">700-07/(3/r</subfield>
    <subfield code="a">Baghawī, al-Ḥusayn ibn Masʻūd,</subfield>
    <subfield code="d">-1117?.</subfield>
    <subfield code="t">Maʻālim al-tanzīl.</subfield>
  </datafield>
  <datafield tag="880" ind1="0" ind2=" ">
    <subfield code="6">700-08/(3/r</subfield>
    <subfield code="a">ابن كثير، اسماعيل بن عمر،</subfield>
    <subfield code="e">compiler.</subfield>
  </datafield>
  <datafield tag="880" ind1="1" ind2=" ">
    <subfield code="6">787-09/(3/r</subfield>
    <subfield code="i">مختصر ك (عمل)</subfield>
    <subfield code="4">http://rdaregistry.info/Elements/w/P10167:</subfield>
    <subfield code="t">تيسير العلي القدير لاختصار تفسير ابن كثير.</subfield>
    <subfield code="d">[بيروت] : محمد نسيب الرفاعي، 1392 [هـ.] = 1972 [م.]</subfield>
    <subfield code="w">b19214960</subfield>
  </datafield>
  <datafield tag="907" ind1=" " ind2=" ">
    <subfield code="a">.b12371592</subfield>
    <subfield code="b">18-03-09</subfield>
    <subfield code="c">11-05-24</subfield>
  </datafield>
  <datafield tag="907" ind1=" " ind2=" ">
    <subfield code="a">.b12371592</subfield>
    <subfield code="b">11-10-11</subfield>
    <subfield code="c">11-05-24</subfield>
  </datafield>
  <datafield tag="945" ind1=" " ind2=" ">
    <subfield code="f">J</subfield>
    <subfield code="a">297.207:I13tfA:v.1:c.1</subfield>
    <subfield code="i">01009242</subfield>
    <subfield code="j">.i12823417</subfield>
    <subfield code="l">u0503</subfield>
  </datafield>
  <datafield tag="945" ind1=" " ind2=" ">
    <subfield code="f">J</subfield>
    <subfield code="a">297.207:I13tfA:v.2:c.1</subfield>
    <subfield code="i">01009243</subfield>
    <subfield code="j">.i12823429</subfield>
    <subfield code="l">u0503</subfield>
  </datafield>
  <datafield tag="945" ind1=" " ind2=" ">
    <subfield code="f">J</subfield>
    <subfield code="a">297.207:I13tfA:v.3:c.1</subfield>
    <subfield code="i">01009244</subfield>
    <subfield code="j">.i12823430</subfield>
    <subfield code="l">u0503</subfield>
  </datafield>
  <datafield tag="945" ind1=" " ind2=" ">
    <subfield code="f">J</subfield>
    <subfield code="a">297.207:I13tfA:v.4:c.1</subfield>
    <subfield code="i">01009245</subfield>
    <subfield code="j">.i12823442</subfield>
    <subfield code="l">u0503</subfield>
  </datafield>
  <datafield tag="945" ind1=" " ind2=" ">
    <subfield code="f">J</subfield>
    <subfield code="a">297.207:I13tfA:v.5:c.1</subfield>
    <subfield code="i">01009246</subfield>
    <subfield code="j">.i12823454</subfield>
    <subfield code="l">u0503</subfield>
  </datafield>
  <datafield tag="945" ind1=" " ind2=" ">
    <subfield code="f">J</subfield>
    <subfield code="a">297.207:I13tfA:v.6:c.1</subfield>
    <subfield code="i">01009247</subfield>
    <subfield code="j">.i12823466</subfield>
    <subfield code="l">u0503</subfield>
  </datafield>
  <datafield tag="945" ind1=" " ind2=" ">
    <subfield code="f">J</subfield>
    <subfield code="a">297.207:I13tfA:v.7:c.1</subfield>
    <subfield code="i">01009248</subfield>
    <subfield code="j">.i12823478</subfield>
    <subfield code="l">u0503</subfield>
  </datafield>
  <datafield tag="945" ind1=" " ind2=" ">
    <subfield code="f">J</subfield>
    <subfield code="a">297.207:I13tfA:v.8:c.1</subfield>
    <subfield code="i">01009249</subfield>
    <subfield code="j">.i1282348x</subfield>
    <subfield code="l">u0503</subfield>
  </datafield>
  <datafield tag="945" ind1=" " ind2=" ">
    <subfield code="f">J</subfield>
    <subfield code="a">297.207:I13tfA:v.9:c.1</subfield>
    <subfield code="i">01009250</subfield>
    <subfield code="j">.i12823491</subfield>
    <subfield code="l">u0503</subfield>
  </datafield>
  <datafield tag="998" ind1=" " ind2=" ">
    <subfield code="a">u05</subfield>
    <subfield code="b">97-02-28</subfield>
    <subfield code="c">m</subfield>
    <subfield code="d">a</subfield>
    <subfield code="e">-</subfield>
    <subfield code="f">ara</subfield>
    <subfield code="g">ua </subfield>
    <subfield code="h">0</subfield>
    <subfield code="i">9</subfield>
  </datafield>
</record>
</collection>
